%% pdfo.bib
%% Copyright 2023 Tom M. Ragonneau and Zaikun Zhang

@article{Abramson_Audet_2006,
    title        = {Convergence of mesh adaptive direct search to second-order stationary points},
    author       = {Abramson, M. A. and Audet, C.},
    year         = 2006,
    journal      = {SIAM J. Optim.},
    volume       = 17,
    pages        = {606--619}
}

@article{Audet_Dennis_2006,
    title        = {Mesh adaptive direct search algorithms for constrained optimization},
    author       = {Audet, C. and {Dennis, Jr.}, J. E.},
    year         = 2006,
    journal      = {SIAM J. Optim.},
    volume       = 17,
    pages        = {188--217}
}

@book{Audet_Hare_2017,
    title        = {Derivative-Free and Blackbox Optimization},
    author       = {Audet, C. and Hare, W.},
    year         = 2017,
    publisher    = {Springer},
    address      = {Cham, CH},
    series       = {Springer Ser. Oper. Res. Financ. Eng.}
}

@article{Bandeira_Scheinberg_Vicente_2012,
    title        = {Computation of sparse low degree interpolating polynomials and their application to derivative-free optimization},
    author       = {Bandeira, A. S. and Scheinberg, K. and Vicente, L. N.},
    year         = 2012,
    journal      = {Math. Program.},
    volume       = 134,
    pages        = {223--257}
}

@misc{Bates_Etal_2014,
    title        = {minqa: derivative-free optimization algorithms by quadratic approximation, version 1.2.4},
    author       = {Bates, D. M. and Mullen, K. M. and Nash, J. C. and Varadhan, R.},
    year         = 2014,
    url          = {https://CRAN.R-project.org/package=minqa}
}

@article{Bates_Etal_2015,
    title        = {Fitting linear mixed-effects models using lme4},
    author       = {Bates, D. M. and M\"{a}chler, M. and Bolker, B. and Walker, S.},
    year         = 2015,
    journal      = {J. Stat. Softw.},
    volume       = 67,
    pages        = {1--48}
}

@article{Berahas_Byrd_Nocedal_2019,
    title        = {Derivative-free optimization of noisy functions via quasi-{Newton} methods},
    author       = {Berahas, A. S. and Byrd, R. H. and Nocedal, J.},
    year         = 2019,
    journal      = {SIAM J. Optim.},
    volume       = 29,
    pages        = {965--993}
}

@inproceedings{Bergstra_Yamins_Cox_2013,
    title        = {Making a science of model search: hyperparameter optimization in hundreds of dimensions for vision architectures},
    author       = {Bergstra, J. and Yamins, D. and Cox, D. D.},
    year         = 2013,
    booktitle    = {Proceedings of the 30th International Conference on Machine Learning},
    publisher    = {PMLR},
    address      = {Atlanta, GA, USA},
    pages        = {115--123},
    editor       = {Dasgupta, S. and McAllester, D.}
}

@article{Billups_Larson_Graf_2013,
    title        = {Derivative-free optimization of expensive functions with computational error using weighted regression},
    author       = {Billups, S. C. and Larson, J. and Graf, P.},
    year         = 2013,
    journal      = {SIAM J. Optim.},
    volume       = 23,
    pages        = {27--53}
}

@article{Biviano_Etal_2013,
    title        = {{CLASH-VLT}: the mass, velocity-anisotropy, and pseudo-phase-space density profiles of the~$z = 0.44$ galaxy cluster {MACS} {J1206.2-0847}},
    author       = {Biviano, A. and others},
    year         = 2013,
    journal      = {A\&A},
    volume       = 558,
    pages        = {A1:1--A1:22}
}

@article{Buhmann_Fletcher_Iserles_Toint_2018,
    title        = {{Michael J. D. Powell}. 29 {July} 1936--19 {April} 2015},
    author       = {Buhmann, M. D. and Fletcher, R. and Iserles, A. and Toint, {\relax Ph.L}},
    year         = 2018,
    journal      = {Biogr. Mems Fell. R. Soc.},
    volume       = 64,
    pages        = {341--366}
}

@article{Cartis_Etal_2019,
    title        = {Improving the flexibility and robustness of model-based derivative-free optimization solvers},
    author       = {Cartis, C. and Fiala, J. and Marteau, B. and Roberts, L.},
    year         = 2019,
    journal      = {ACM Trans. Math. Software},
    volume       = 45,
    pages        = {32:1--32:41}
}

@article{Cartis_Roberts_Sheridan-Methven_2022,
    title        = {Escaping local minima with local derivative-free methods: a numerical investigation},
    author       = {Cartis, C. and Roberts, L. and Sheridan-Methven, O.},
    year         = 2022,
    journal      = {Optimization},
    volume       = 71,
    pages        = {2343--2373}
}

@article{Chang_Lin_2011,
    title        = {{LIBSVM}: a library for support vector machines},
    author       = {Chang, C. C. and Lin, C. J.},
    year         = 2011,
    journal      = {ACM TIST},
    volume       = 2,
    pages        = {27:1--27:27}
}

@article{Conn_Digabel_2013,
    title        = {Use of quadratic models with mesh-adaptive direct search for constrained black box optimization},
    author       = {Conn, A. R. and Le Digabel, S.},
    year         = 2013,
    journal      = {Optim. Methods Softw.},
    volume       = 28,
    pages        = {139--158}
}

@book{Conn_Gould_Toint_2000,
    title        = {Trust-Region Methods},
    author       = {Conn, A. R. and Gould, N. I. M. and Toint, {\relax Ph.L}},
    year         = 2000,
    publisher    = {SIAM},
    address      = {Philadelphia, PA, USA},
    series       = {MPS-SIAM Ser. Optim.}
}

@inproceedings{Conn_Scheinberg_Toint_1997a,
    title        = {On the convergence of derivative-free methods for unconstrained optimization},
    author       = {Conn, A. R. and Scheinberg, K. and Toint, {\relax Ph.L}},
    year         = 1997,
    booktitle    = {Approximation Theory and Optimization: Tributes to M. J. D. Powell},
    publisher    = {Cambridge University Press},
    address      = {Cambridge, UK},
    pages        = {83--108},
    editor       = {Buhmann, M. D. and Iserles, A.}
}

@article{Conn_Scheinberg_Toint_1997b,
    title        = {Recent progress in unconstrained nonlinear optimization without derivatives},
    author       = {Conn, A. R. and Scheinberg, K. and Toint, {\relax Ph.L}},
    year         = 1997,
    journal      = {Math. Program.},
    volume       = 79,
    pages        = {397--414}
}

@article{Conn_Scheinberg_Vicente_2008a,
    title        = {Geometry of interpolation sets in derivative free optimization},
    author       = {Conn, A. R. and Scheinberg, K. and Vicente, L. N.},
    year         = 2008,
    journal      = {Math. Program.},
    volume       = 111,
    pages        = {141--172}
}

@article{Conn_Scheinberg_Vicente_2008b,
    title        = {Geometry of sample sets in derivative-free optimization: polynomial regression and underdetermined interpolation},
    author       = {Conn, A. R. and Scheinberg, K. and Vicente, L. N.},
    year         = 2008,
    journal      = {IMA J. Numer. Anal.},
    volume       = 28,
    pages        = {721--748}
}

@article{Conn_Scheinberg_Vicente_2009a,
    title        = {Global convergence of general derivative-free trust-region algorithms to first- and second-order critical points},
    author       = {Conn, A. R. and Scheinberg, K. and Vicente, L. N.},
    year         = 2009,
    journal      = {SIAM J. Optim.},
    volume       = 20,
    pages        = {387--415}
}

@book{Conn_Scheinberg_Vicente_2009b,
    title        = {Introduction to Derivative-Free Optimization},
    author       = {Conn, A. R. and Scheinberg, K. and Vicente, L. N.},
    year         = 2009,
    publisher    = {SIAM},
    address      = {Philadelphia, PA, USA},
    series       = {MPS-SIAM Ser. Optim.}
}

@inproceedings{Conn_Toint_1996,
    title        = {An algorithm using quadratic interpolation for unconstrained derivative free optimization},
    author       = {Conn, A. R. and Toint, {\relax Ph.L}},
    year         = 1996,
    booktitle    = {Nonlinear Optimization and Applications},
    publisher    = {Springer},
    address      = {Boston, MA, USA},
    pages        = {27--47},
    editor       = {{Di Pillo}, G. and Giannessi, F.}
}

@inproceedings{Custodio_Scheinberg_Vicente_2017,
    title        = {Methodologies and software for derivative-free optimization},
    author       = {Cust\'{o}dio, A. L. and Scheinberg, K. and Vicente, L. N.},
    year         = 2017,
    booktitle    = {Advances and Trends in Optimization with Engineering Applications},
    publisher    = {SIAM},
    address      = {Philadelphia, PA, USA},
    pages        = {495--506},
    editor       = {Terlaky, T. and Anjos, M. F. and Ahmed, S.}
}

@article{Custodio_Vicente_2007,
    title        = {Using sampling and simplex derivatives in pattern search methods},
    author       = {Cust\'{o}dio, A. L. and Vicente, L. N.},
    year         = 2007,
    journal      = {SIAM J. Optim.},
    volume       = 18,
    pages        = {537--555}
}

@article{Dennis_Schnabel_1979,
    title        = {Least change secant updates for quasi-{Newton} methods},
    author       = {{Dennis, Jr.}, J. E. and Schnabel, R. B.},
    year         = 1979,
    journal      = {SIAM Rev.},
    volume       = 4,
    pages        = {443--459}
}

@article{Digabel_2011,
    title        = {Algorithm 909: {NOMAD}: nonlinear optimization with the {MADS} algorithm},
    author       = {Le Digabel, S.},
    year         = 2011,
    journal      = {ACM Trans. Math. Software},
    volume       = 37,
    pages        = {44:1--44:15}
}

@article{Dodangeh_Vicente_2016,
    title        = {Worst case complexity of direct search under convexity},
    author       = {Dodangeh, M. and Vicente, L. N.},
    year         = 2016,
    journal      = {Math. Program.},
    volume       = 155,
    pages        = {307--332}
}

@article{Dodangeh_Vicente_Zhang_2016,
    title        = {On the optimal order of worst case complexity of direct search},
    author       = {Dodangeh, M. and Vicente, L. N. and Zhang, Z.},
    year         = 2016,
    journal      = {Optim. Lett.},
    volume       = 10,
    pages        = {699--708}
}

@article{Dolan_More_2002,
    title        = {Benchmarking optimization software with performance profiles},
    author       = {Dolan, E. D. and Mor\'{e}, J. J.},
    year         = 2002,
    journal      = {Math. Program.},
    volume       = 91,
    pages        = {201--213}
}

@article{Fletcher_Powell_1963,
    title        = {A Rapid Convergent Decent Method for Minimization},
    author       = {Fletcher, R. and Powell, M. J. D.},
    year         = 1963,
    journal      = {Comput. J.},
    volume       = 6,
    pages        = {163--168}
}

@inproceedings{Gallard_Etal_2018,
    title        = {{GEMS}: a {Python} library for automation of multidisciplinary design optimization process generation},
    author       = {Gallard, F. and others},
    year         = 2018,
    booktitle    = {2018 AIAA/ASCE/AHS/ASC Structures, Structural Dynamics, and Materials Conference},
    publisher    = {AIAA},
    address      = {Kissimmee, FL, USA},
}

@article{Garmanjani_Judice_Vicente_2016,
    title        = {Trust-region methods without using derivatives: worst case complexity and the nonsmooth case},
    author       = {Garmanjani, R. and J\`{u}dice, D. and Vicente, L. N.},
    year         = 2016,
    journal      = {SIAM J. Optim.},
    volume       = 26,
    pages        = {1987--2011}
}

@inproceedings{Gazaix_Etal_2019,
    title        = {Industrial application of an advanced bi-level {MDO} formulation to aircraft engine pylon optimization},
    author       = {Gazaix, A. and others},
    year         = 2019,
    booktitle    = {AIAA Aviation Forum},
    publisher    = {AIAA},
    address      = {Dallas, TX, USA}
}

@techreport{Ghanbari_Scheinberg_2017,
    title        = {Black-box optimization in machine learning with trust region based derivative free algorithm},
    author       = {Ghanbari, H. and Scheinberg, K.},
    year         = 2017,
    address      = {Bethlehem, PA, USA},
    number       = {17T-005},
    institution  = {COR@L}
}

@article{Gould_Orban_Toint_2015,
    title        = {{CUTEst}: a constrained and unconstrained testing environment with safe threads for mathematical optimization},
    author       = {Gould, N. I. M. and Orban, D. and Toint, {\relax Ph.L}},
    year         = 2015,
    journal      = {Comput. Optim. Appl.},
    volume       = 60,
    pages        = {545--557}
}


@article{Gratton_Etal_2015,
    title        = {Direct search based on probabilistic descent},
    author       = {Gratton, S. and Royer, C. W. and Vicente, L. N. and Zhang, Z.},
    year         = 2015,
    journal      = {SIAM J. Optim.},
    volume       = 25,
    pages        = {1515--1541}
}

@article{Gratton_Etal_2019,
    title        = {Direct search based on probabilistic feasible descent for bound and linearly constrained problems},
    author       = {Gratton, S. and Royer, C. W. and Vicente, L. N. and Zhang, Z.},
    year         = 2019,
    journal      = {Comput. Optim. Appl.},
    volume       = 72,
    pages        = {525--559}
}

@article{Gratton_Royer_Vicente_2020,
    title        = {A decoupled first/second-order steps technique for nonconvex nonlinear unconstrained optimization with improved complexity bounds},
    author       = {Gratton, S. and Royer, C. W. and Vicente, L. N.},
    year         = 2020,
    journal      = {Math. Program.},
    volume       = 179,
    pages        = {195--222}
}

@article{Hager_1989,
    title        = {Updating the Inverse of a Matrix},
    author       = {Hager, W. W.},
    year         = 1989,
    journal      = {SIAM Rev.},
    volume       = 31,
    pages        = {221--239}
}

@article{Higham_1993,
    title        = {Optimization by direct search in matrix computations},
    author       = {Higham, N. J.},
    year         = 1993,
    journal      = {SIAM J. Matrix Anal. Appl.},
    volume       = 14,
    pages        = {317--333}
}

@book{Higham_2002,
    title        = {Accuracy and Stability of Numerical Algorithms},
    author       = {Higham, N. J.},
    year         = 2002,
    publisher    = {SIAM},
    address      = {Philadelphia, PA, USA},
    edition      = {Second}
}

@article{Hough_Roberts_2022,
    title        = {Model-based derivative-free methods for convex-constrained optimization},
    author       = {Hough, M. and Roberts, L.},
    year         = 2022,
    journal      = {SIAM J. Optim.},
    volume       = 32,
    pages        = {2552--2579}
}

@misc{HSL,
    title        = {A collection of {Fortran} codes for large scale scientific computation},
    author       = {HSL},
    url          = {http://www.hsl.rl.ac.uk/}
}

@inproceedings{Izadinia_Shan_Seitz_2017,
    title        = {{IM2CAD}},
    author       = {Izadinia, H. and Shan, Q. and Seitz, S. M.},
    year         = 2017,
    booktitle    = {Proceedings of the IEEE Conference on Computer Vision and Pattern Recognition},
    publisher    = {IEEE},
    address      = {San Juan, PR, USA},
    pages        = {5134--5143}
}

@misc{Johnson_2019,
    title        = {The {NLopt} nonlinear-optimization package},
    author       = {Johnson, S. G.},
    url          = {http://github.com/stevengj/nlopt}
}

@book{Kelley_2011,
    title        = {Implicit Filtering},
    author       = {Kelley, C. T.},
    year         = 2011,
    publisher    = {SIAM},
    address      = {Philadelphia, PA, USA},
    series       = {Software Environ. Tools}
}

@article{Kolda_Lewis_Torczon_2003,
    title        = {Optimization by direct search: New perspectives on some classical and modern methods},
    author       = {Kolda, T. G. and Lewis, R. M. and Torczon, V.},
    year         = 2003,
    journal      = {SIAM Rev.},
    volume       = 45,
    pages        = {385--482}
}

@article{Larson_Menickelly_Wild_2019,
    title        = {Derivative-free optimization methods},
    author       = {Larson, J. and Menickelly, M. and Wild, S. M.},
    year         = 2019,
    journal      = {Acta Numer.},
    volume       = 28,
    pages        = {287--404}
}

@article{Latorre_Etal_2019,
    title        = {Derivative free methodologies for circuit worst case analysis},
    author       = {Latorre, V. and Habal, H. and Graeb, H. and Lucidi, S.},
    year         = 2019,
    journal      = {Optim. Lett.},
    volume       = 13,
    pages        = {1557--1571}
}

@article{Mamon_Biviano_Boue_2013,
    title        = {{MAMPOSSt}: modelling anisotropy and mass profiles of observed spherical systems {I.} {Gaussian} {3D} velocities},
    author       = {Mamon, G. A. and Biviano, A. and Bou\'{e}, G.},
    year         = 2013,
    journal      = {Mon. Not. R. Astron. Soc.},
    volume       = 429,
    pages        = {3079--3098}
}

@article{Mombaur_Truong_Laumond_2010,
    title        = {From human to humanoid locomotion---an inverse optimal control approach},
    author       = {Mombaur, K. and Truong, A. and Laumond, J. P.},
    year         = 2010,
    journal      = {Auton. Robot.},
    volume       = 28,
    pages        = {369--383}
}

@article{More_Sorensen_1983,
    title        = {Computing a trust region step},
    author       = {Mor\'{e}, J. J. and Sorensen, D. C.},
    year         = 1983,
    journal      = {SIAM J. Sci. Stat. Comp.},
    volume       = 4,
    pages        = {553--572}
}

@article{More_Wild_2009,
    title        = {Benchmarking derivative-free optimization algorithms},
    author       = {Mor\'{e}, J. J. and Wild, S. M.},
    year         = 2009,
    journal      = {SIAM J. Optim.},
    volume       = 20,
    pages        = {172--191}
}

@article{Nelder_Mead_1965,
    title        = {A simplex method for function minimization},
    author       = {Nelder, J. A. and Mead, R.},
    year         = 1965,
    journal      = {Comput. J.},
    volume       = 7,
    pages        = {308--313}
}

@article{Oeuvray_Bierlaire_2009,
    title        = {{BOOSTERS}: a derivative-free algorithm based on radial basis functions},
    author       = {Oeuvray, R. and Bierlaire, M.},
    year         = 2009,
    journal      = {Int. J. Model. Simul.},
    volume       = 29,
    pages        = {29--36}
}

@article{Peterson_2009,
    title        = {{F2PY}: a tool for connecting Fortran and Python programs},
    author       = {Peterson, P.},
    year         = 2009,
    journal      = {Int. J. Comput. Sci. Eng.},
    volume       = 4,
    pages        = {296--305}
}

@article{Porcelli_Toint_2017,
    title        = {{BFO}, a trainable derivative-free brute force optimizer for nonlinear bound-constrained optimization and equilibrium computations with continuous and discrete variables},
    author       = {Porcelli, M. and Toint, {\relax Ph.L}},
    year         = 2017,
    journal      = {ACM Trans. Math. Software},
    volume       = 44,
    pages        = {6:1--6:25}
}

@misc{Porcelli_Toint_2020,
    title        = {Global and local information in structured derivative free optimization with {BFO}},
    author       = {Porcelli, M. and Toint, {\relax Ph.L}},
    year         = 2020,
    howpublished = {arxiv:2001.04801}
}

@article{Porcelli_Toint_2022,
    title        = {Exploiting problem structure in derivative free optimization},
    author       = {Porcelli, M. and Toint, {\relax Ph.L}},
    year         = 2022,
    journal      = {ACM Trans. Math. Software},
    volume       = 48
}

@article{Powell_1964,
    title        = {An efficient method for finding the minimum of a function of several variables without calculating derivatives},
    author       = {Powell, M. J. D.},
    year         = 1964,
    journal      = {Comput. J.},
    volume       = 7,
    pages        = {155--162}
}

@inproceedings{Powell_1970b,
    title        = {A new algorithm for unconstrained optimization},
    author       = {Powell, M. J. D.},
    year         = 1970,
    booktitle    = {Nonlinear Programming},
    publisher    = {Academic Press},
    address      = {London, UK},
    pages        = {31--65},
    editor       = {Rosen, J. B. and Mangasarian, O. L. and Ritter, K.}
}

@inproceedings{Powell_1994,
    title        = {A direct search optimization method that models the objective and constraint functions by linear interpolation},
    author       = {Powell, M. J. D.},
    year         = 1994,
    booktitle    = {Advances in Optimization and Numerical Analysis},
    publisher    = {Springer},
    address      = {Dordrecht, NL},
    pages        = {51--67},
    editor       = {Gomez, S. and Hennart, J. P.}
}

@article{Powell_1998,
    title        = {Direct search algorithms for optimization calculations},
    author       = {Powell, M. J. D.},
    year         = 1998,
    journal      = {Acta Numer.},
    volume       = 7,
    pages        = {287--336}
}

@article{Powell_2001,
    title        = {On the {Lagrange} functions of quadratic models that are defined by interpolation},
    author       = {Powell, M. J. D.},
    year         = 2001,
    journal      = {Optim. Methods Softw.},
    volume       = 16,
    pages        = {289--309}
}

@article{Powell_2002,
    title        = {{UOBYQA}: unconstrained optimization by quadratic approximation},
    author       = {Powell, M. J. D.},
    year         = 2002,
    journal      = {Math. Program.},
    volume       = 92,
    pages        = {555--582}
}

@article{Powell_2004b,
    title        = {Least {Frobenius} norm updating of quadratic models that satisfy interpolation conditions},
    author       = {Powell, M. J. D.},
    year         = 2004,
    journal      = {Math. Program.},
    volume       = 100,
    pages        = {183--215}
}

@inproceedings{Powell_2004c,
    title        = {On updating the inverse of a {KKT} matrix},
    author       = {Powell, M. J. D.},
    year         = 2004,
    booktitle    = {Numerical Linear Algebra and Optimization},
    publisher    = {Science Press},
    address      = {Beijing, CN},
    pages        = {56--78},
    editor       = {Yuan, Y.}
}

@inproceedings{Powell_2006,
    title        = {The {NEWUOA} software for unconstrained optimization without derivatives},
    author       = {Powell, M. J. D.},
    year         = 2006,
    booktitle    = {Large-Scale Nonlinear Optimization},
    publisher    = {Springer},
    address      = {Boston, MA, USA},
    series       = {Nonconvex Optimization and Its Applications},
    volume       = 83,
    pages        = {255--297},
    editor       = {{Di Pillo}, G. and Roma, M.}
}

@article{Powell_2008,
    title        = {Developments of {NEWUOA} for minimization without derivatives},
    author       = {Powell, M. J. D.},
    year         = 2008,
    journal      = {IMA J. Numer. Anal.},
    volume       = 28,
    pages        = {649--664}
}

@techreport{Powell_2009,
    title        = {The {BOBYQA} algorithm for bound constrained optimization without derivatives},
    author       = {Powell, M. J. D.},
    year         = 2009,
    address      = {Cambridge, UK},
    number       = {DAMTP 2009/NA06},
    institution  = {Department of Applied Mathematics and Theoretical Physics, University of Cambridge}
}

@article{Powell_2012,
    title        = {On the convergence of trust region algorithms for unconstrained minimization without derivatives},
    author       = {Powell, M. J. D.},
    year         = 2012,
    journal      = {Comput. Optim. Appl.},
    volume       = 53,
    pages        = {527--555}
}

@article{Powell_2013,
    title        = {Beyond symmetric {Broyden} for updating quadratic models in minimization without derivatives},
    author       = {Powell, M. J. D.},
    year         = 2013,
    journal      = {Math. Program.},
    volume       = 138,
    pages        = {475--500}
}

@article{Powell_2015,
    title        = {On fast trust region methods for quadratic models with linear constraints},
    author       = {Powell, M. J. D.},
    year         = 2015,
    journal      = {Math. Program. Comput.},
    volume       = 7,
    pages        = {237--267}
}

@phdthesis{Ragonneau_2022,
    title        = {Model-Based Derivative-Free Optimization Methods and Software},
    author       = {Ragonneau, T. M.},
    year         = 2022,
    address      = {Hong Kong},
    school       = {Department of Applied Mathematics, The Hong Kong Polytechnic University}
}

@article{Regis_Wild_2017,
    title        = {{CONORBIT}: constrained optimization by radial basis function interpolation in trust regions},
    author       = {Regis, R. G. and Wild, S. M.},
    year         = 2017,
    journal      = {Optim. Methods Softw.},
    volume       = 32,
    pages        = {552--580}
}

@article{Rios_Sahinidis_2013,
    title        = {Derivative-free optimization: a review of algorithms and comparison of software implementations},
    author       = {Rios, L. M. and Sahinidis, N. V.},
    year         = 2013,
    journal      = {J. Global Optim.},
    volume       = 56,
    pages        = {1247--1293}
}

@article{Sauer_Xu_1995,
    title        = {On Multivariate Lagrange Interpolation},
    author       = {Sauer, T. and Xu, Y.},
    year         = 1995,
    journal      = {Math. Comp.},
    volume       = 64,
    pages        = {1147--1170}
}

@article{Shi_Etal_2022,
    title        = {On the numerical performance of derivative-free optimization methods based on finite-difference approximations},
    author       = {Shi, H. J. M. and Xuan, M. Q. and Oztoprak, F. and Nocedal, J.},
    year         = 2022,
    journal      = {Optim. Methods Softw.}
}

@article{Steihaug_1983,
    title        = {The conjugate gradient method and trust regions in large scale optimization},
    author       = {Steihaug, T.},
    year         = 1983,
    journal      = {IMA J. Numer. Anal.},
    volume       = 20,
    pages        = {626--637}
}

@article{Sun_Etal_2020,
    title        = {Derivative-free optimization for chemical product design},
    author       = {Sun, Y. and Sahinidis, N. V. and Sundaram, A. and Cheon, M. S.},
    year         = 2020,
    journal      = {Curr. Opin. Chem. Eng.},
    volume       = 27,
    pages        = {98--106}
}

@inproceedings{Toint_1981,
    title        = {Towards an efficient sparsity exploiting {Newton} method for minimization},
    author       = {Toint, {\relax Ph.L}},
    year         = 1981,
    booktitle    = {Sparse Matrices and Their Uses},
    publisher    = {Academic Press},
    address      = {London, UK},
    pages        = {57--88},
    editor       = {Duff, I. S.}
}

@article{Torczon_1997,
    title        = {On the convergence of pattern search},
    author       = {Torczon, V.},
    year         = 1997,
    journal      = {SIAM J. Optim.},
    volume       = 7,
    pages        = {1--25}
}

@article{Vicente_2013,
    title        = {Worst case complexity of direct search},
    author       = {Vicente, L. N.},
    year         = 2013,
    journal      = {EURO J. Comput.},
    volume       = 1,
    pages        = {143--153}
}

@article{Virtanen_Etal_2020,
    title        = {{SciPy} 1.0: fundamental algorithms for scientific computing in {Python}},
    author       = {Virtanen, P. and others},
    year         = 2020,
    journal      = {Nat. Methods},
    volume       = 17,
    pages        = {261--272}
}

@inproceedings{Wild_2008,
    title        = {{MNH}: a derivative-free optimization algorithm using minimal norm {Hessians}},
    author       = {Wild, S. M.},
    year         = 2008,
    booktitle    = {The Tenth Copper Mountain Conference on Iterative Methods}
}

@article{Wild_Regis_Shoemaker_2008,
    title        = {{ORBIT}: optimization by radial basis function interpolation in trust-regions},
    author       = {Wild, S. M. and Regis, R. G. and Shoemaker, C. A.},
    year         = 2008,
    journal      = {SIAM J. Sci. Comput.},
    volume       = 30,
    pages        = {3197--3219}
}

@article{Yuan_2015,
    title        = {Recent advances in trust region algorithms},
    author       = {Yuan, Y.},
    year         = 2015,
    journal      = {Math. Program.},
    volume       = 151,
    pages        = {249--281}
}

@phdthesis{Zhang_2012,
    title        = {On Derivative-Free Optimization Methods \textnormal{(in Chinese)}},
    author       = {Zhang, Z.},
    year         = 2012,
    address      = {Beijing, CN},
    school       = {Chinese Academy of Sciences}
}

@article{Zhang_2014,
    title        = {{Sobolev} seminorm of quadratic functions with applications to derivative-free optimization},
    author       = {Zhang, Z.},
    year         = 2014,
    journal      = {Math. Program.},
    volume       = 146,
    pages        = {77--96}
}

@article{Zhang_Conn_Scheinberg_2010,
    title        = {A derivative-free algorithm for least-squares minimization},
    author       = {Zhang, H. and Conn, A. R. and Scheinberg, K.},
    year         = 2010,
    journal      = {SIAM J. Optim.},
    volume       = 20,
    pages        = {3555--3576}
}

@article{LeDigabel_Wild_2015,
  title={A taxonomy of constraints in simulation-based optimization},
  author={{Le Digabel}, S. and Wild, S. M.},
  journal={arXiv:1505.07881},
  year={2015}
}

@article{Audet_Caporossi_Jacquet_2020,
title = {Binary, unrelaxable and hidden constraints in blackbox optimization},
journal = {Oper. Res. Lett.},
volume = {48},
_number = {4},
pages = {467-471},
year = {2020},
author = {Audet, C. and Caporossi, G. and Jacquet, S.},
}

@article{Audet_Dennis_2009,
  title={A progressive barrier for derivative-free nonlinear programming},
  author={Audet, C. and {Dennis, Jr.}, J. E.},
  journal={SIAM J. Optim.},
  volume={20},
  _number={1},
  pages={445--472},
  year={2009},
  _publisher={SIAM}
}

@article{Fowkes_Roberts_Burmen_2022,
    year = {2022},
    volume = {7},
    _number = {78},
    pages = {4377},
    author = {Fowkes, J. and Roberts, L. and B\H{u}rmen, \'{A}.},
    title = {{PyCUTEst}: an open source Python package of optimization test problems},
    journal = {J. Open Source Softw.}
}

@ARTICLE{Shahriari_Etal_2016,
  author={Shahriari, B. and Swersky, K. and Wang, Z. and Adams, R. P. and de Freitas, N.},
  journal={Proc. IEEE},
  title={Taking the Human Out of the Loop: A Review of {B}ayesian Optimization},
  year={2016},
  volume={104},
  _number={1},
  pages={148-175},
}

@article{Shi_Etal_2022a,
author = {Shi, H. J. M. and Xie, Y. and Xuan, M. Q. and Nocedal, J.},
title = {Adaptive Finite-Difference Interval Estimation for Noisy Derivative-Free Optimization},
    journal      = {SIAM J. Sci. Comput.},
volume = {44},
_number = {4},
pages = {A2302-A2321},
year = {2022},
}

@article{Yang_Ying_2022,
  title={{AUC} maximization in the era of big data and {AI}: A survey},
  author={Yang, T. and Ying, Y.},
  journal={ACM Comput. Surv.},
  volume={55},
  _number={8},
  pages={1--37},
  year={2022},
  _publisher={ACM},
}

@misc{Xie_Yuan_2023,
  title={Least ${H}^2$ Norm Updating Quadratic Interpolation Model Function for Derivative-free Trust-region Algorithms},
  author={Xie, P. and Yuan, Y.},
  howpublished = {arxiv:2001.04801},
  year={2023},
}

@misc{Ragonneau_Zhang_2023a,
 title = {An Optimal Interpolation Set for Model-Based Derivative-Free Optimization Methods},
 author = {Ragonneau, T. M. and Zhang, Z.},
 howpublished = {arXiv:2302.09992},
 year = {2023},
}


@misc{Ragonneau_Zhang_cobyqa,
    author       = {Ragonneau, T. M. and Zhang, Z.},
    title        = {{COBYQA} --- {C}onstrained {O}ptimization {BY} {Q}uadratic {A}pproximations},
    url          = {https://www.cobyqa.com},
    year         = {2023},
}

@misc{Zhang_prima,
    author       = {Zhang, Z.},
    title        = {{PRIMA} --- {R}eference {I}mplementation for {P}owell's methods with {M}odernization and {A}melioration.},
    url          = {http://www.libprima.net},
    year         = {2023},
}
